<?xml version="1.0" encoding="UTF-8"?>
<record>
  <leader>01019nam#a2200277#cb4500</leader>
  <controlfield tag="005">20210408024850.0</controlfield>
  <controlfield tag="007">tu</controlfield>
  <controlfield tag="008">981024|1934####xx############|||#|#ger#c</controlfield>
  <controlfield tag="003">DE-605</controlfield>
  <controlfield tag="001">990075429930206441</controlfield>
  <datafield tag="016" ind1="7" ind2=" ">
    <subfield code="a">1067460009</subfield>
    <subfield code="2">OCoLC</subfield>
  </datafield>
  <datafield tag="035" ind1=" " ind2=" ">
    <subfield code="a">(DE-605)HT000944190</subfield>
  </datafield>
  <datafield tag="040" ind1=" " ind2=" ">
    <subfield code="a">294</subfield>
    <subfield code="b">ger</subfield>
    <subfield code="d">61</subfield>
    <subfield code="e">rakwb</subfield>
  </datafield>
  <datafield tag="041" ind1=" " ind2=" ">
    <subfield code="a">ger</subfield>
  </datafield>
  <datafield tag="044" ind1=" " ind2=" ">
    <subfield code="c">XA-DXDE</subfield>
  </datafield>
  <datafield tag="100" ind1="1" ind2=" ">
    <subfield code="a">Lehmann, Paul</subfield>
    <subfield code="d">1884-1964</subfield>
    <subfield code="0">(DE-588)116871466</subfield>
    <subfield code="4">aut</subfield>
    <subfield code="0">https://portal.dnb.de/opac.htm?method=simpleSearch&amp;cqlMode=true&amp;query=idn=116871466</subfield>
    <subfield code="0">http://viaf.org/viaf/sourceID/DNB|116871466</subfield>
    <subfield code="B">GND-116871466</subfield>
  </datafield>
  <datafield tag="245" ind1="1" ind2="0">
    <subfield code="a">&lt;&lt;Die&gt;&gt; mittelalterliche Dombibliothek zu Speyer</subfield>
    <subfield code="c">von Paul Lehmann</subfield>
  </datafield>
  <datafield tag="264" ind1=" " ind2="1">
    <subfield code="a">München</subfield>
    <subfield code="b">Verl. d. Bayer. Akad. d. Wissenschaften</subfield>
    <subfield code="c">1934</subfield>
  </datafield>
  <datafield tag="300" ind1=" " ind2=" ">
    <subfield code="a">64 S.</subfield>
  </datafield>
  <datafield tag="490" ind1="1" ind2=" ">
    <subfield code="a">Sitzungsberichte der Bayerischen Akademie der Wissenschaften, Philosophisch-Historische Abteilung</subfield>
    <subfield code="v">1934, H. 4</subfield>
  </datafield>
  <datafield tag="830" ind1=" " ind2="0">
    <subfield code="a">Sitzungsberichte der Bayerischen Akademie der Wissenschaften, Philosophisch-Historische Abteilung</subfield>
    <subfield code="w">(DE-605)HT003004165</subfield>
    <subfield code="v">1934,4</subfield>
    <subfield code="9">O:1</subfield>
  </datafield>
  <datafield tag="964" ind1="0" ind2="s">
    <subfield code="F">030</subfield>
    <subfield code="A">a|1uc||||||17</subfield>
  </datafield>
  <datafield tag="964" ind1="0" ind2="s">
    <subfield code="F">050</subfield>
    <subfield code="A">a|||||||||||||</subfield>
  </datafield>
  <datafield tag="964" ind1="0" ind2="s">
    <subfield code="F">051</subfield>
    <subfield code="A">s|||||||</subfield>
  </datafield>
  <datafield tag="035" ind1=" " ind2=" ">
    <subfield code="a">(OCoLC)1067460009</subfield>
  </datafield>
  <datafield tag="035" ind1=" " ind2=" ">
    <subfield code="a">(DE-599)HBZHT000944190</subfield>
  </datafield>
  <datafield tag="MBD" ind1=" " ind2=" ">
    <subfield code="M">49HBZ_NETWORK</subfield>
    <subfield code="i">990075429930206441</subfield>
    <subfield code="n">HBZ Network</subfield>
  </datafield>
  <datafield tag="MBD" ind1=" " ind2=" ">
    <subfield code="M">49HBZ_BRIDGE_FIZ</subfield>
    <subfield code="i">9997545007816</subfield>
    <subfield code="n">Bibliotheken ohne zentrale Katalogisierung</subfield>
  </datafield>
  <datafield tag="830" ind1=" " ind2="0">
    <subfield code="a">Sitzungsberichte der Bayerischen Akademie der Wissenschaften, Philosophisch-Historische Abteilung</subfield>
    <subfield code="w">(DE-605)HT003004165</subfield>
    <subfield code="v">1934,4</subfield>
    <subfield code="9">O:1</subfield>
    <subfield code="M">49HBZ_BRIDGE_FIZ</subfield>
  </datafield>
  <datafield tag="MBD" ind1=" " ind2=" ">
    <subfield code="M">49HBZ_BRIDGE_THK</subfield>
    <subfield code="i">9920532007504</subfield>
    <subfield code="n">Hochschulbibliothek der Technischen Hochschule Köln</subfield>
  </datafield>
  <datafield tag="830" ind1=" " ind2="0">
    <subfield code="a">Sitzungsberichte der Bayerischen Akademie der Wissenschaften, Philosophisch-Historische Abteilung</subfield>
    <subfield code="w">(DE-605)HT003004165</subfield>
    <subfield code="v">1934,4</subfield>
    <subfield code="9">O:1</subfield>
    <subfield code="M">49HBZ_BRIDGE_THK</subfield>
  </datafield>
  <datafield tag="MBD" ind1=" " ind2=" ">
    <subfield code="M">49HBZ_BRIDGE_PTR</subfield>
    <subfield code="i">9927425707817</subfield>
    <subfield code="n">Priesterseminar, Bibliothek, Trier</subfield>
  </datafield>
  <datafield tag="830" ind1=" " ind2="0">
    <subfield code="a">Sitzungsberichte der Bayerischen Akademie der Wissenschaften, Philosophisch-Historische Abteilung</subfield>
    <subfield code="w">(DE-605)HT003004165</subfield>
    <subfield code="v">1934,4</subfield>
    <subfield code="9">O:1</subfield>
    <subfield code="M">49HBZ_BRIDGE_PTR</subfield>
  </datafield>
  <datafield tag="MBD" ind1=" " ind2=" ">
    <subfield code="M">49HBZ_BRIDGE_LBZ</subfield>
    <subfield code="i">9954404307506</subfield>
    <subfield code="n">Rheinische Landesbibliothek Koblenz</subfield>
  </datafield>
  <datafield tag="830" ind1=" " ind2="0">
    <subfield code="a">Sitzungsberichte der Bayerischen Akademie der Wissenschaften, Philosophisch-Historische Abteilung</subfield>
    <subfield code="w">(DE-605)HT003004165</subfield>
    <subfield code="v">1934,4</subfield>
    <subfield code="9">O:1</subfield>
    <subfield code="M">49HBZ_BRIDGE_LBZ</subfield>
  </datafield>
  <datafield tag="MBD" ind1=" " ind2=" ">
    <subfield code="M">49HBZ_BRIDGE_UBO</subfield>
    <subfield code="i">99126666607503</subfield>
    <subfield code="n">Ruhr-Universität Bochum</subfield>
  </datafield>
  <datafield tag="830" ind1=" " ind2="0">
    <subfield code="a">Sitzungsberichte der Bayerischen Akademie der Wissenschaften, Philosophisch-Historische Abteilung</subfield>
    <subfield code="w">(DE-605)HT003004165</subfield>
    <subfield code="v">1934,4</subfield>
    <subfield code="9">O:1</subfield>
    <subfield code="M">49HBZ_BRIDGE_UBO</subfield>
  </datafield>
  <datafield tag="MBD" ind1=" " ind2=" ">
    <subfield code="M">49HBZ_BIE</subfield>
    <subfield code="i">991006100869706442</subfield>
    <subfield code="n">Universität Bielefeld</subfield>
  </datafield>
  <datafield tag="830" ind1=" " ind2="0">
    <subfield code="a">Sitzungsberichte der Bayerischen Akademie der Wissenschaften, Philosophisch-Historische Abteilung</subfield>
    <subfield code="w">(DE-605)HT003004165</subfield>
    <subfield code="v">1934,4</subfield>
    <subfield code="9">O:1</subfield>
    <subfield code="M">49HBZ_BIE</subfield>
  </datafield>
  <datafield tag="980" ind1="1" ind2=" ">
    <subfield code="e">HBZ</subfield>
    <subfield code="9">LOCAL</subfield>
    <subfield code="M">49HBZ_BIE</subfield>
  </datafield>
  <datafield tag="981" ind1=" " ind2=" ">
    <subfield code="a">(DE-361)131883</subfield>
    <subfield code="9">LOCAL</subfield>
    <subfield code="M">49HBZ_BIE</subfield>
  </datafield>
  <datafield tag="983" ind1=" " ind2=" ">
    <subfield code="b">AD610+SP752</subfield>
    <subfield code="9">LOCAL</subfield>
    <subfield code="M">49HBZ_BIE</subfield>
  </datafield>
  <datafield tag="997" ind1=" " ind2=" ">
    <subfield code="a">20020120</subfield>
    <subfield code="9">LOCAL</subfield>
    <subfield code="M">49HBZ_BIE</subfield>
  </datafield>
  <datafield tag="MBD" ind1=" " ind2=" ">
    <subfield code="M">49HBZ_DUE</subfield>
    <subfield code="i">990023296720206443</subfield>
    <subfield code="n">Universität Düsseldorf</subfield>
  </datafield>
  <datafield tag="773" ind1="1" ind2="8">
    <subfield code="w">990023296700206443</subfield>
    <subfield code="9">LOCAL</subfield>
    <subfield code="M">49HBZ_DUE</subfield>
  </datafield>
  <datafield tag="830" ind1=" " ind2="0">
    <subfield code="a">Sitzungsberichte der Bayerischen Akademie der Wissenschaften, Philosophisch-Historische Abteilung</subfield>
    <subfield code="w">(DE-605)HT003004165</subfield>
    <subfield code="v">1934,4</subfield>
    <subfield code="9">O:1</subfield>
    <subfield code="M">49HBZ_DUE</subfield>
  </datafield>
  <datafield tag="980" ind1="2" ind2=" ">
    <subfield code="u">ITM</subfield>
    <subfield code="v">655931</subfield>
    <subfield code="w">DUE50</subfield>
    <subfield code="9">LOCAL</subfield>
    <subfield code="M">49HBZ_DUE</subfield>
  </datafield>
  <datafield tag="983" ind1=" " ind2=" ">
    <subfield code="a">EUAK&lt;&gt;261</subfield>
    <subfield code="9">LOCAL</subfield>
    <subfield code="M">49HBZ_DUE</subfield>
  </datafield>
  <datafield tag="996" ind1=" " ind2=" ">
    <subfield code="a">Bibliothek</subfield>
    <subfield code="9">LOCAL</subfield>
    <subfield code="M">49HBZ_DUE</subfield>
  </datafield>
  <datafield tag="996" ind1=" " ind2=" ">
    <subfield code="a">Dom</subfield>
    <subfield code="9">LOCAL</subfield>
    <subfield code="M">49HBZ_DUE</subfield>
  </datafield>
  <datafield tag="996" ind1=" " ind2=" ">
    <subfield code="a">Mittelalter</subfield>
    <subfield code="9">LOCAL</subfield>
    <subfield code="M">49HBZ_DUE</subfield>
  </datafield>
  <datafield tag="996" ind1=" " ind2=" ">
    <subfield code="a">mittelalterlich</subfield>
    <subfield code="9">LOCAL</subfield>
    <subfield code="M">49HBZ_DUE</subfield>
  </datafield>
  <datafield tag="996" ind1=" " ind2=" ">
    <subfield code="a">speyerisch</subfield>
    <subfield code="9">LOCAL</subfield>
    <subfield code="M">49HBZ_DUE</subfield>
  </datafield>
  <datafield tag="MBD" ind1=" " ind2=" ">
    <subfield code="M">49HBZ_ULM</subfield>
    <subfield code="i">991021186469706449</subfield>
    <subfield code="n">Universität Münster</subfield>
  </datafield>
  <datafield tag="830" ind1=" " ind2="0">
    <subfield code="a">Sitzungsberichte der Bayerischen Akademie der Wissenschaften, Philosophisch-Historische Abteilung</subfield>
    <subfield code="w">(DE-605)HT003004165</subfield>
    <subfield code="v">1934,4</subfield>
    <subfield code="9">O:1</subfield>
    <subfield code="M">49HBZ_ULM</subfield>
  </datafield>
  <datafield tag="980" ind1="1" ind2="2">
    <subfield code="e">HBZ</subfield>
    <subfield code="9">LOCAL</subfield>
    <subfield code="M">49HBZ_ULM</subfield>
  </datafield>
  <datafield tag="981" ind1=" " ind2=" ">
    <subfield code="a">(DE-6)1388421</subfield>
    <subfield code="9">LOCAL</subfield>
    <subfield code="M">49HBZ_ULM</subfield>
  </datafield>
  <datafield tag="995" ind1=" " ind2=" ">
    <subfield code="a">1305/81</subfield>
    <subfield code="2">akz_loc</subfield>
    <subfield code="9">LOCAL</subfield>
    <subfield code="M">49HBZ_ULM</subfield>
  </datafield>
  <datafield tag="995" ind1=" " ind2=" ">
    <subfield code="a">E 57/88 6/166</subfield>
    <subfield code="2">akz_loc</subfield>
    <subfield code="9">LOCAL</subfield>
    <subfield code="M">49HBZ_ULM</subfield>
  </datafield>
  <datafield tag="MBD" ind1=" " ind2=" ">
    <subfield code="M">49HBZ_SIE</subfield>
    <subfield code="i">990002110800106462</subfield>
    <subfield code="n">Universität Siegen</subfield>
  </datafield>
  <datafield tag="773" ind1="1" ind2="8">
    <subfield code="w">990002110770106462</subfield>
    <subfield code="9">LOCAL</subfield>
    <subfield code="M">49HBZ_SIE</subfield>
  </datafield>
  <datafield tag="830" ind1=" " ind2="0">
    <subfield code="a">Sitzungsberichte der Bayerischen Akademie der Wissenschaften, Philosophisch-Historische Abteilung</subfield>
    <subfield code="w">(DE-605)HT003004165</subfield>
    <subfield code="v">1934,4</subfield>
    <subfield code="9">O:1</subfield>
    <subfield code="M">49HBZ_SIE</subfield>
  </datafield>
  <datafield tag="980" ind1="2" ind2=" ">
    <subfield code="u">ITM</subfield>
    <subfield code="v">226406</subfield>
    <subfield code="w">SIE50</subfield>
    <subfield code="9">LOCAL</subfield>
    <subfield code="M">49HBZ_SIE</subfield>
  </datafield>
  <datafield tag="MBD" ind1=" " ind2=" ">
    <subfield code="M">49HBZ_BRIDGE_ULB</subfield>
    <subfield code="i">99146987207502</subfield>
    <subfield code="n">Universitäts- und Landesbibliothek Bonn</subfield>
  </datafield>
  <datafield tag="830" ind1=" " ind2="0">
    <subfield code="a">Sitzungsberichte der Bayerischen Akademie der Wissenschaften, Philosophisch-Historische Abteilung</subfield>
    <subfield code="w">(DE-605)HT003004165</subfield>
    <subfield code="v">1934,4</subfield>
    <subfield code="9">O:1</subfield>
    <subfield code="M">49HBZ_BRIDGE_ULB</subfield>
  </datafield>
  <datafield tag="MBD" ind1=" " ind2=" ">
    <subfield code="M">49HBZ_BRIDGE_UBK</subfield>
    <subfield code="i">99169925607147</subfield>
    <subfield code="n">Universitäts- und Stadtbibliothek Köln</subfield>
  </datafield>
  <datafield tag="830" ind1=" " ind2="0">
    <subfield code="a">Sitzungsberichte der Bayerischen Akademie der Wissenschaften, Philosophisch-Historische Abteilung</subfield>
    <subfield code="w">(DE-605)HT003004165</subfield>
    <subfield code="v">1934,4</subfield>
    <subfield code="9">O:1</subfield>
    <subfield code="M">49HBZ_BRIDGE_UBK</subfield>
  </datafield>
  <datafield tag="MBD" ind1=" " ind2=" ">
    <subfield code="M">49HBZ_PAD</subfield>
    <subfield code="i">990001528370106463</subfield>
    <subfield code="n">Universitätsbibliothek Paderborn</subfield>
  </datafield>
  <datafield tag="773" ind1="1" ind2="8">
    <subfield code="w">990001528340106463</subfield>
    <subfield code="9">LOCAL</subfield>
    <subfield code="M">49HBZ_PAD</subfield>
  </datafield>
  <datafield tag="830" ind1=" " ind2="0">
    <subfield code="a">Sitzungsberichte der Bayerischen Akademie der Wissenschaften, Philosophisch-Historische Abteilung</subfield>
    <subfield code="w">(DE-605)HT003004165</subfield>
    <subfield code="v">1934,4</subfield>
    <subfield code="9">O:1</subfield>
    <subfield code="M">49HBZ_PAD</subfield>
  </datafield>
  <datafield tag="980" ind1="2" ind2=" ">
    <subfield code="u">ITM</subfield>
    <subfield code="v">168934</subfield>
    <subfield code="w">PAD50</subfield>
    <subfield code="9">LOCAL</subfield>
    <subfield code="M">49HBZ_PAD</subfield>
  </datafield>
  <datafield tag="981" ind1=" " ind2=" ">
    <subfield code="a">000152837</subfield>
    <subfield code="l">doclib</subfield>
    <subfield code="9">LOCAL</subfield>
    <subfield code="M">49HBZ_PAD</subfield>
  </datafield>
  <datafield tag="983" ind1=" " ind2=" ">
    <subfield code="a">AFG</subfield>
    <subfield code="9">LOCAL</subfield>
    <subfield code="M">49HBZ_PAD</subfield>
  </datafield>
  <datafield tag="MNG" ind1=" " ind2=" ">
    <subfield code="c">System</subfield>
    <subfield code="f">ILS</subfield>
    <subfield code="i">marc21</subfield>
    <subfield code="k">01</subfield>
    <subfield code="e">false</subfield>
    <subfield code="d">2022-03-14 06:23:32 Europe/Berlin</subfield>
    <subfield code="g">007542993-HBZ01</subfield>
    <subfield code="j">60</subfield>
    <subfield code="a">import</subfield>
    <subfield code="b">2021-04-05 20:47:34 Europe/Berlin</subfield>
  </datafield>
  <datafield tag="H52" ind1="0" ind2=" ">
    <subfield code="b">O9023</subfield>
    <subfield code="c">UNASSIGNED</subfield>
    <subfield code="8">2233760570007816</subfield>
  </datafield>
  <datafield tag="HOL" ind1=" " ind2=" ">
    <subfield code="d">2023-02-12 21:59:17</subfield>
    <subfield code="8">2233760570007816</subfield>
    <subfield code="b">2023-02-12 21:59:17</subfield>
    <subfield code="M">49HBZ_BRIDGE_FIZ</subfield>
    <subfield code="g">false</subfield>
    <subfield code="a">System</subfield>
    <subfield code="c">System</subfield>
  </datafield>
  <datafield tag="H52" ind1="0" ind2=" ">
    <subfield code="b">K5001</subfield>
    <subfield code="c">00003000</subfield>
    <subfield code="h">BDDS1079</subfield>
    <subfield code="8">228272890007504</subfield>
  </datafield>
  <datafield tag="HOL" ind1=" " ind2=" ">
    <subfield code="d">2023-02-12 21:59:13</subfield>
    <subfield code="8">228272890007504</subfield>
    <subfield code="b">2023-02-12 21:59:13</subfield>
    <subfield code="M">49HBZ_BRIDGE_THK</subfield>
    <subfield code="g">false</subfield>
    <subfield code="a">System</subfield>
    <subfield code="c">System</subfield>
  </datafield>
  <datafield tag="ITM" ind1=" " ind2=" ">
    <subfield code="H">228272890007504</subfield>
    <subfield code="x">00003000</subfield>
    <subfield code="f">BOOK</subfield>
    <subfield code="v">00003000</subfield>
    <subfield code="p">02</subfield>
    <subfield code="X">System</subfield>
    <subfield code="Y">2008-01-25 01:00:00 Europe/Berlin</subfield>
    <subfield code="n">BDDS1079</subfield>
    <subfield code="M">49HBZ_BRIDGE_THK</subfield>
    <subfield code="s">1</subfield>
    <subfield code="d">0</subfield>
    <subfield code="V">System</subfield>
    <subfield code="b">78BDDS1079</subfield>
    <subfield code="a">238272870007504</subfield>
    <subfield code="c">BDDS1079</subfield>
    <subfield code="W">2023-02-12 22:59:13 Europe/Berlin</subfield>
    <subfield code="u">K5001</subfield>
    <subfield code="w">K5001</subfield>
  </datafield>
  <datafield tag="H52" ind1="0" ind2=" ">
    <subfield code="b">T0006</subfield>
    <subfield code="c">M</subfield>
    <subfield code="h">U 391</subfield>
    <subfield code="8">2211050230007817</subfield>
  </datafield>
  <datafield tag="HOL" ind1=" " ind2=" ">
    <subfield code="d">2023-02-12 21:59:34</subfield>
    <subfield code="8">2211050230007817</subfield>
    <subfield code="b">2023-02-12 21:59:34</subfield>
    <subfield code="M">49HBZ_BRIDGE_PTR</subfield>
    <subfield code="g">false</subfield>
    <subfield code="a">System</subfield>
    <subfield code="c">System</subfield>
  </datafield>
  <datafield tag="ITM" ind1=" " ind2=" ">
    <subfield code="H">2211050230007817</subfield>
    <subfield code="x">M</subfield>
    <subfield code="f">BOOK</subfield>
    <subfield code="v">M</subfield>
    <subfield code="p">11</subfield>
    <subfield code="X">System</subfield>
    <subfield code="Y">2008-05-26 02:00:00 Europe/Berlin</subfield>
    <subfield code="n">U 391</subfield>
    <subfield code="M">49HBZ_BRIDGE_PTR</subfield>
    <subfield code="s">1</subfield>
    <subfield code="d">0</subfield>
    <subfield code="V">System</subfield>
    <subfield code="b">:96002228322</subfield>
    <subfield code="a">2311050210007817</subfield>
    <subfield code="c">U 391</subfield>
    <subfield code="B">1943/440</subfield>
    <subfield code="D">20080526</subfield>
    <subfield code="W">2023-02-12 22:59:34 Europe/Berlin</subfield>
    <subfield code="u">T0006</subfield>
    <subfield code="w">T0006</subfield>
  </datafield>
  <datafield tag="H52" ind1="0" ind2=" ">
    <subfield code="b">R0003</subfield>
    <subfield code="c">00001000</subfield>
    <subfield code="h">G 32.89/1934,4</subfield>
    <subfield code="8">2222633500007506</subfield>
  </datafield>
  <datafield tag="HOL" ind1=" " ind2=" ">
    <subfield code="d">2023-02-12 21:59:22</subfield>
    <subfield code="8">2222633500007506</subfield>
    <subfield code="b">2023-02-12 21:59:22</subfield>
    <subfield code="M">49HBZ_BRIDGE_LBZ</subfield>
    <subfield code="g">false</subfield>
    <subfield code="a">System</subfield>
    <subfield code="c">System</subfield>
  </datafield>
  <datafield tag="ITM" ind1=" " ind2=" ">
    <subfield code="H">2222633500007506</subfield>
    <subfield code="x">00001000</subfield>
    <subfield code="f">BOOK</subfield>
    <subfield code="v">00001000</subfield>
    <subfield code="p">02</subfield>
    <subfield code="X">System</subfield>
    <subfield code="Y">2008-09-19 02:00:00 Europe/Berlin</subfield>
    <subfield code="n">Per. 2968/1934,4</subfield>
    <subfield code="M">49HBZ_BRIDGE_LBZ</subfield>
    <subfield code="s">1</subfield>
    <subfield code="d">0</subfield>
    <subfield code="V">System</subfield>
    <subfield code="b">702586422107</subfield>
    <subfield code="a">2322633470007506</subfield>
    <subfield code="c">G 32.89/1934,4</subfield>
    <subfield code="W">2023-02-12 22:59:22 Europe/Berlin</subfield>
    <subfield code="u">R0003</subfield>
    <subfield code="w">R0003</subfield>
  </datafield>
  <datafield tag="ITM" ind1=" " ind2=" ">
    <subfield code="H">2222633500007506</subfield>
    <subfield code="x">00001000</subfield>
    <subfield code="f">BOOK</subfield>
    <subfield code="v">00001000</subfield>
    <subfield code="p">02</subfield>
    <subfield code="X">System</subfield>
    <subfield code="Y">2008-09-19 02:00:00 Europe/Berlin</subfield>
    <subfield code="n">G 32.89/1934,4</subfield>
    <subfield code="M">49HBZ_BRIDGE_LBZ</subfield>
    <subfield code="s">1</subfield>
    <subfield code="d">0</subfield>
    <subfield code="V">System</subfield>
    <subfield code="b">011813549107</subfield>
    <subfield code="a">2322633480007506</subfield>
    <subfield code="c">G 32.89/1934,4</subfield>
    <subfield code="W">2023-02-12 22:59:22 Europe/Berlin</subfield>
    <subfield code="u">R0003</subfield>
    <subfield code="w">R0003</subfield>
  </datafield>
  <datafield tag="H52" ind1="0" ind2=" ">
    <subfield code="b">B0001</subfield>
    <subfield code="c">00000032</subfield>
    <subfield code="h">ZGA19-1934,1</subfield>
    <subfield code="8">2255431910007503</subfield>
  </datafield>
  <datafield tag="HOL" ind1=" " ind2=" ">
    <subfield code="d">2023-02-12 21:59:03</subfield>
    <subfield code="8">2255431910007503</subfield>
    <subfield code="b">2023-02-12 21:59:03</subfield>
    <subfield code="M">49HBZ_BRIDGE_UBO</subfield>
    <subfield code="g">false</subfield>
    <subfield code="a">System</subfield>
    <subfield code="c">System</subfield>
  </datafield>
  <datafield tag="H52" ind1="0" ind2=" ">
    <subfield code="b">B2001</subfield>
    <subfield code="c">00011000</subfield>
    <subfield code="h">Ci 20.05.03/8</subfield>
    <subfield code="8">2255431840007503</subfield>
  </datafield>
  <datafield tag="HOL" ind1=" " ind2=" ">
    <subfield code="d">2023-02-12 21:59:03</subfield>
    <subfield code="8">2255431840007503</subfield>
    <subfield code="b">2023-02-12 21:59:03</subfield>
    <subfield code="M">49HBZ_BRIDGE_UBO</subfield>
    <subfield code="g">false</subfield>
    <subfield code="a">System</subfield>
    <subfield code="c">System</subfield>
  </datafield>
  <datafield tag="H52" ind1="0" ind2=" ">
    <subfield code="b">B4011</subfield>
    <subfield code="c">00023000</subfield>
    <subfield code="h">I b 11</subfield>
    <subfield code="8">2255431800007503</subfield>
  </datafield>
  <datafield tag="HOL" ind1=" " ind2=" ">
    <subfield code="d">2023-02-12 21:59:04</subfield>
    <subfield code="8">2255431800007503</subfield>
    <subfield code="b">2023-02-12 21:59:04</subfield>
    <subfield code="M">49HBZ_BRIDGE_UBO</subfield>
    <subfield code="g">false</subfield>
    <subfield code="a">System</subfield>
    <subfield code="c">System</subfield>
  </datafield>
  <datafield tag="ITM" ind1=" " ind2=" ">
    <subfield code="H">2255431840007503</subfield>
    <subfield code="x">00011000</subfield>
    <subfield code="f">BOOK</subfield>
    <subfield code="v">00011000</subfield>
    <subfield code="p">04</subfield>
    <subfield code="X">System</subfield>
    <subfield code="Y">2009-02-05 01:00:00 Europe/Berlin</subfield>
    <subfield code="n">Ci 20.05.03/8</subfield>
    <subfield code="M">49HBZ_BRIDGE_UBO</subfield>
    <subfield code="s">1</subfield>
    <subfield code="d">0</subfield>
    <subfield code="V">System</subfield>
    <subfield code="b">TEMPHBZ60036085491-000010</subfield>
    <subfield code="a">2355431820007503</subfield>
    <subfield code="c">Ci 20.05.03/8</subfield>
    <subfield code="W">2023-02-12 22:59:03 Europe/Berlin</subfield>
    <subfield code="u">B2001</subfield>
    <subfield code="w">B2001</subfield>
  </datafield>
  <datafield tag="ITM" ind1=" " ind2=" ">
    <subfield code="H">2255431800007503</subfield>
    <subfield code="x">00023000</subfield>
    <subfield code="f">BOOK</subfield>
    <subfield code="v">00023000</subfield>
    <subfield code="p">04</subfield>
    <subfield code="X">System</subfield>
    <subfield code="Y">2015-07-03 02:00:00 Europe/Berlin</subfield>
    <subfield code="n">I b 11</subfield>
    <subfield code="M">49HBZ_BRIDGE_UBO</subfield>
    <subfield code="s">1</subfield>
    <subfield code="d">0</subfield>
    <subfield code="V">System</subfield>
    <subfield code="b">TEMP397133</subfield>
    <subfield code="a">2355431770007503</subfield>
    <subfield code="c">I b 11</subfield>
    <subfield code="W">2023-02-12 22:59:04 Europe/Berlin</subfield>
    <subfield code="u">B4011</subfield>
    <subfield code="w">B4011</subfield>
  </datafield>
  <datafield tag="ITM" ind1=" " ind2=" ">
    <subfield code="H">2255431910007503</subfield>
    <subfield code="x">00000032</subfield>
    <subfield code="f">BOOK</subfield>
    <subfield code="v">00000032</subfield>
    <subfield code="p">04</subfield>
    <subfield code="X">System</subfield>
    <subfield code="Y">2009-02-05 01:00:00 Europe/Berlin</subfield>
    <subfield code="n">ZGA19-1934,1</subfield>
    <subfield code="M">49HBZ_BRIDGE_UBO</subfield>
    <subfield code="s">1</subfield>
    <subfield code="d">0</subfield>
    <subfield code="V">System</subfield>
    <subfield code="b">TEMP50000410798-000010</subfield>
    <subfield code="a">2355431880007503</subfield>
    <subfield code="c">ZGA19-1934,1</subfield>
    <subfield code="W">2023-02-12 22:59:03 Europe/Berlin</subfield>
    <subfield code="u">B0001</subfield>
    <subfield code="w">B0001</subfield>
  </datafield>
  <datafield tag="H52" ind1="8" ind2=" ">
    <subfield code="b">UB_BI</subfield>
    <subfield code="c">99_TEMP</subfield>
    <subfield code="h">AC005+MU948 S6P5[1934</subfield>
    <subfield code="8">22256260250006442</subfield>
  </datafield>
  <datafield tag="HOL" ind1=" " ind2=" ">
    <subfield code="b">2021-04-19 04:49:21</subfield>
    <subfield code="8">22256260250006442</subfield>
    <subfield code="M">49HBZ_BIE</subfield>
    <subfield code="g">false</subfield>
    <subfield code="a">import</subfield>
  </datafield>
  <datafield tag="ITM" ind1=" " ind2=" ">
    <subfield code="H">22256260250006442</subfield>
    <subfield code="x">99_TEMP</subfield>
    <subfield code="f">BOOK</subfield>
    <subfield code="v">99_TEMP</subfield>
    <subfield code="p">item_08</subfield>
    <subfield code="X">System</subfield>
    <subfield code="U">2021-04-18 12:59:00 Europe/Berlin</subfield>
    <subfield code="Y">2021-04-19 06:49:53 Europe/Berlin</subfield>
    <subfield code="h">false</subfield>
    <subfield code="M">49HBZ_BIE</subfield>
    <subfield code="s">1</subfield>
    <subfield code="d">8</subfield>
    <subfield code="V">import</subfield>
    <subfield code="L">Abteilung/Standort/Haushaltsstufe: 99 | SISIS-Magazindrucker: 88 | HBZ01: HT000944190 | Keine Beilagen: 1</subfield>
    <subfield code="b">TEMP50000171359-000010</subfield>
    <subfield code="O">SISIS-Ausleihzähler vorletztes Migrationsjahr: 0 | SISIS-Vormerkzähler Migrationsjahr: 0 | SISIS-Buchdaten-Aufnahmedatum: 2008-06-21</subfield>
    <subfield code="N">Fernleihkonditionen: 3 | Sigel: 361 | Klassifikation: 99_TEMP | Altersbegrenzung: 0 | SISIS-Ausleihzähler Migrationsjahr: 0 | SISIS-Ausleihzähler Vor-Migrationsjahr: 0</subfield>
    <subfield code="a">23256260230006442</subfield>
    <subfield code="c">AC005+MU948 S6P5[1934</subfield>
    <subfield code="W">2021-04-19 06:49:21 Europe/Berlin</subfield>
    <subfield code="u">UB_BI</subfield>
    <subfield code="w">UB_BI</subfield>
  </datafield>
  <datafield tag="H52" ind1="8" ind2=" ">
    <subfield code="b">ENGL</subfield>
    <subfield code="c">ENGL_BIB</subfield>
    <subfield code="h">BG 511</subfield>
    <subfield code="8">22595716620006449</subfield>
  </datafield>
  <datafield tag="HOL" ind1=" " ind2=" ">
    <subfield code="b">2022-07-11 12:54:48</subfield>
    <subfield code="8">22595716620006449</subfield>
    <subfield code="M">49HBZ_ULM</subfield>
    <subfield code="g">false</subfield>
    <subfield code="a">import</subfield>
  </datafield>
  <datafield tag="H52" ind1="8" ind2=" ">
    <subfield code="b">ZB</subfield>
    <subfield code="c">ZB_FHM2</subfield>
    <subfield code="h">Z 430-1934</subfield>
    <subfield code="8">22595716640006449</subfield>
  </datafield>
  <datafield tag="HOL" ind1=" " ind2=" ">
    <subfield code="b">2022-07-11 12:54:48</subfield>
    <subfield code="8">22595716640006449</subfield>
    <subfield code="M">49HBZ_ULM</subfield>
    <subfield code="g">false</subfield>
    <subfield code="a">import</subfield>
  </datafield>
  <datafield tag="H52" ind1="8" ind2=" ">
    <subfield code="b">GERM</subfield>
    <subfield code="c">GERM_BIB</subfield>
    <subfield code="h">HsBu 1598</subfield>
    <subfield code="8">22595716600006449</subfield>
  </datafield>
  <datafield tag="HOL" ind1=" " ind2=" ">
    <subfield code="b">2022-07-11 12:54:48</subfield>
    <subfield code="8">22595716600006449</subfield>
    <subfield code="M">49HBZ_ULM</subfield>
    <subfield code="g">false</subfield>
    <subfield code="a">import</subfield>
  </datafield>
  <datafield tag="ITM" ind1=" " ind2=" ">
    <subfield code="H">22595716620006449</subfield>
    <subfield code="x">ENGL_BIB</subfield>
    <subfield code="f">BOOK</subfield>
    <subfield code="v">ENGL_BIB</subfield>
    <subfield code="X">AMO_TL2_FIX</subfield>
    <subfield code="U">2022-07-10 12:59:00 Europe/Berlin</subfield>
    <subfield code="Y">2022-07-12 13:10:54 Europe/Berlin</subfield>
    <subfield code="h">false</subfield>
    <subfield code="J">Ehemaliger Bestand Book Studies</subfield>
    <subfield code="Q">SISIS-Ausleihzähler Migrationsjahr: 0 | SISIS-Ausleihzähler Vor-Migrationsjahr: 0 | SISIS-Ausleihzähler vorletztes Migrationsjahr: 0</subfield>
    <subfield code="M">49HBZ_ULM</subfield>
    <subfield code="s">1</subfield>
    <subfield code="d">8</subfield>
    <subfield code="V">import</subfield>
    <subfield code="b">Z114-006972</subfield>
    <subfield code="O">Fernleihkonditionen: 3</subfield>
    <subfield code="a">23595716610006449</subfield>
    <subfield code="R">DBS-Systematik: 0</subfield>
    <subfield code="c">BG 511</subfield>
    <subfield code="W">2022-07-11 14:54:48 Europe/Berlin</subfield>
    <subfield code="u">ENGL</subfield>
    <subfield code="w">ENGL</subfield>
  </datafield>
  <datafield tag="ITM" ind1=" " ind2=" ">
    <subfield code="H">22595716600006449</subfield>
    <subfield code="x">GERM_BIB</subfield>
    <subfield code="f">BOOK</subfield>
    <subfield code="v">GERM_BIB</subfield>
    <subfield code="X">AMO_TL2_FIX</subfield>
    <subfield code="U">2022-07-10 12:59:00 Europe/Berlin</subfield>
    <subfield code="Y">2022-07-12 13:10:54 Europe/Berlin</subfield>
    <subfield code="h">false</subfield>
    <subfield code="Q">SISIS-Ausleihzähler Migrationsjahr: 0 | SISIS-Ausleihzähler Vor-Migrationsjahr: 0 | SISIS-Ausleihzähler vorletztes Migrationsjahr: 0</subfield>
    <subfield code="M">49HBZ_ULM</subfield>
    <subfield code="s">1</subfield>
    <subfield code="d">8</subfield>
    <subfield code="V">import</subfield>
    <subfield code="b">Z56-017587</subfield>
    <subfield code="O">Fernleihkonditionen: 3</subfield>
    <subfield code="a">23595716590006449</subfield>
    <subfield code="R">DBS-Systematik: 0</subfield>
    <subfield code="c">HsBu 1598</subfield>
    <subfield code="W">2022-07-11 14:54:48 Europe/Berlin</subfield>
    <subfield code="u">GERM</subfield>
    <subfield code="w">GERM</subfield>
  </datafield>
  <datafield tag="ITM" ind1=" " ind2=" ">
    <subfield code="H">22595716640006449</subfield>
    <subfield code="x">ZB_FHM2</subfield>
    <subfield code="f">BOOK</subfield>
    <subfield code="v">ZB_FHM2</subfield>
    <subfield code="X">AMO_TL2_FIX</subfield>
    <subfield code="U">2022-07-10 12:59:00 Europe/Berlin</subfield>
    <subfield code="Y">2022-07-12 13:10:54 Europe/Berlin</subfield>
    <subfield code="h">false</subfield>
    <subfield code="J">Enthält 10 Schriften in einem Band</subfield>
    <subfield code="Q">SISIS-Ausleihzähler Migrationsjahr: 0 | SISIS-Ausleihzähler Vor-Migrationsjahr: 0 | SISIS-Ausleihzähler vorletztes Migrationsjahr: 0</subfield>
    <subfield code="M">49HBZ_ULM</subfield>
    <subfield code="s">1</subfield>
    <subfield code="d">8</subfield>
    <subfield code="V">import</subfield>
    <subfield code="b">Z 430-1934</subfield>
    <subfield code="O">Fernleihkonditionen: 0</subfield>
    <subfield code="a">23595716630006449</subfield>
    <subfield code="R">DBS-Systematik: 0</subfield>
    <subfield code="c">Z 430-1934</subfield>
    <subfield code="W">2022-07-11 14:54:48 Europe/Berlin</subfield>
    <subfield code="u">ZB</subfield>
    <subfield code="w">ZB</subfield>
  </datafield>
  <datafield tag="H52" ind1="0" ind2=" ">
    <subfield code="b">Q1064</subfield>
    <subfield code="c">00053001</subfield>
    <subfield code="h">Be 180</subfield>
    <subfield code="8">2266144810007502</subfield>
  </datafield>
  <datafield tag="HOL" ind1=" " ind2=" ">
    <subfield code="d">2023-02-12 21:59:29</subfield>
    <subfield code="8">2266144810007502</subfield>
    <subfield code="b">2023-02-12 21:59:28</subfield>
    <subfield code="M">49HBZ_BRIDGE_ULB</subfield>
    <subfield code="g">false</subfield>
    <subfield code="a">System</subfield>
    <subfield code="c">System</subfield>
  </datafield>
  <datafield tag="H52" ind1="0" ind2=" ">
    <subfield code="b">Q1004</subfield>
    <subfield code="c">00010001</subfield>
    <subfield code="h">BO 4075 S752</subfield>
    <subfield code="8">2266144750007502</subfield>
  </datafield>
  <datafield tag="HOL" ind1=" " ind2=" ">
    <subfield code="d">2023-02-12 21:59:29</subfield>
    <subfield code="8">2266144750007502</subfield>
    <subfield code="b">2023-02-12 21:59:29</subfield>
    <subfield code="M">49HBZ_BRIDGE_ULB</subfield>
    <subfield code="g">false</subfield>
    <subfield code="a">System</subfield>
    <subfield code="c">System</subfield>
  </datafield>
  <datafield tag="ITM" ind1=" " ind2=" ">
    <subfield code="H">2266144750007502</subfield>
    <subfield code="x">00010001</subfield>
    <subfield code="f">BOOK</subfield>
    <subfield code="v">00010001</subfield>
    <subfield code="p">04</subfield>
    <subfield code="X">System</subfield>
    <subfield code="Y">2013-08-05 02:00:00 Europe/Berlin</subfield>
    <subfield code="n">BO 4075 S752</subfield>
    <subfield code="M">49HBZ_BRIDGE_ULB</subfield>
    <subfield code="s">1</subfield>
    <subfield code="d">0</subfield>
    <subfield code="V">System</subfield>
    <subfield code="b">TK-038705</subfield>
    <subfield code="a">2366144740007502</subfield>
    <subfield code="c">BO 4075 S752</subfield>
    <subfield code="W">2023-02-12 22:59:29 Europe/Berlin</subfield>
    <subfield code="u">Q1004</subfield>
    <subfield code="w">Q1004</subfield>
  </datafield>
  <datafield tag="ITM" ind1=" " ind2=" ">
    <subfield code="H">2266144810007502</subfield>
    <subfield code="x">00053001</subfield>
    <subfield code="f">BOOK</subfield>
    <subfield code="v">00053001</subfield>
    <subfield code="p">04</subfield>
    <subfield code="X">System</subfield>
    <subfield code="Y">2011-07-19 02:00:00 Europe/Berlin</subfield>
    <subfield code="n">Be 180</subfield>
    <subfield code="M">49HBZ_BRIDGE_ULB</subfield>
    <subfield code="s">1</subfield>
    <subfield code="d">0</subfield>
    <subfield code="V">System</subfield>
    <subfield code="b">GE-011615</subfield>
    <subfield code="a">2366144770007502</subfield>
    <subfield code="c">Be 180</subfield>
    <subfield code="W">2023-02-12 22:59:29 Europe/Berlin</subfield>
    <subfield code="u">Q1064</subfield>
    <subfield code="w">Q1064</subfield>
  </datafield>
  <datafield tag="H52" ind1="0" ind2=" ">
    <subfield code="b">K0001</subfield>
    <subfield code="c">UNASSIGNED</subfield>
    <subfield code="8">2275837410007147</subfield>
  </datafield>
  <datafield tag="HOL" ind1=" " ind2=" ">
    <subfield code="d">2023-02-12 21:58:50</subfield>
    <subfield code="8">2275837410007147</subfield>
    <subfield code="b">2023-02-12 21:58:50</subfield>
    <subfield code="M">49HBZ_BRIDGE_UBK</subfield>
    <subfield code="g">false</subfield>
    <subfield code="a">System</subfield>
    <subfield code="c">System</subfield>
  </datafield>
  <datafield tag="H52" ind1="0" ind2=" ">
    <subfield code="b">K1133</subfield>
    <subfield code="c">00434001</subfield>
    <subfield code="h">434/Ab955</subfield>
    <subfield code="8">2275837230007147</subfield>
  </datafield>
  <datafield tag="HOL" ind1=" " ind2=" ">
    <subfield code="d">2023-02-12 21:58:51</subfield>
    <subfield code="8">2275837230007147</subfield>
    <subfield code="b">2023-02-12 21:58:51</subfield>
    <subfield code="M">49HBZ_BRIDGE_UBK</subfield>
    <subfield code="g">false</subfield>
    <subfield code="a">System</subfield>
    <subfield code="c">System</subfield>
  </datafield>
  <datafield tag="H52" ind1="0" ind2=" ">
    <subfield code="b">K1131</subfield>
    <subfield code="c">00432001</subfield>
    <subfield code="h">432/A8a/930-1934,4</subfield>
    <subfield code="8">2275837120007147</subfield>
  </datafield>
  <datafield tag="HOL" ind1=" " ind2=" ">
    <subfield code="d">2023-02-12 21:58:51</subfield>
    <subfield code="8">2275837120007147</subfield>
    <subfield code="b">2023-02-12 21:58:51</subfield>
    <subfield code="M">49HBZ_BRIDGE_UBK</subfield>
    <subfield code="g">false</subfield>
    <subfield code="a">System</subfield>
    <subfield code="c">System</subfield>
  </datafield>
  <datafield tag="H52" ind1="0" ind2=" ">
    <subfield code="b">K1167</subfield>
    <subfield code="c">UNASSIGNED</subfield>
    <subfield code="8">2275837290007147</subfield>
  </datafield>
  <datafield tag="HOL" ind1=" " ind2=" ">
    <subfield code="d">2023-02-12 21:58:50</subfield>
    <subfield code="8">2275837290007147</subfield>
    <subfield code="b">2023-02-12 21:58:50</subfield>
    <subfield code="M">49HBZ_BRIDGE_UBK</subfield>
    <subfield code="g">false</subfield>
    <subfield code="a">System</subfield>
    <subfield code="c">System</subfield>
  </datafield>
  <datafield tag="ITM" ind1=" " ind2=" ">
    <subfield code="H">2275837230007147</subfield>
    <subfield code="x">00434001</subfield>
    <subfield code="f">BOOK</subfield>
    <subfield code="v">00434001</subfield>
    <subfield code="p">04</subfield>
    <subfield code="X">System</subfield>
    <subfield code="Y">2016-10-11 02:00:00 Europe/Berlin</subfield>
    <subfield code="n">434/Ab955</subfield>
    <subfield code="M">49HBZ_BRIDGE_UBK</subfield>
    <subfield code="s">1</subfield>
    <subfield code="d">0</subfield>
    <subfield code="V">System</subfield>
    <subfield code="b">434/0007087</subfield>
    <subfield code="a">2375837180007147</subfield>
    <subfield code="c">434/Ab955</subfield>
    <subfield code="W">2023-02-12 22:58:51 Europe/Berlin</subfield>
    <subfield code="u">K1133</subfield>
    <subfield code="w">K1133</subfield>
  </datafield>
  <datafield tag="ITM" ind1=" " ind2=" ">
    <subfield code="H">2275837120007147</subfield>
    <subfield code="x">00432001</subfield>
    <subfield code="f">BOOK</subfield>
    <subfield code="v">00432001</subfield>
    <subfield code="p">04</subfield>
    <subfield code="X">System</subfield>
    <subfield code="Y">2016-06-10 02:00:00 Europe/Berlin</subfield>
    <subfield code="n">432/A8a/930-1934,4</subfield>
    <subfield code="M">49HBZ_BRIDGE_UBK</subfield>
    <subfield code="s">1</subfield>
    <subfield code="d">0</subfield>
    <subfield code="V">System</subfield>
    <subfield code="b">432/0014231</subfield>
    <subfield code="a">2375837080007147</subfield>
    <subfield code="c">432/A8a/930-1934,4</subfield>
    <subfield code="W">2023-02-12 22:58:51 Europe/Berlin</subfield>
    <subfield code="u">K1131</subfield>
    <subfield code="w">K1131</subfield>
  </datafield>
  <datafield tag="H52" ind1="8" ind2="1">
    <subfield code="b">P0001</subfield>
    <subfield code="c">UNASSIGNED</subfield>
    <subfield code="8">22124728180006463</subfield>
  </datafield>
  <datafield tag="HOL" ind1=" " ind2=" ">
    <subfield code="b">2022-07-14 09:06:32</subfield>
    <subfield code="8">22124728180006463</subfield>
    <subfield code="M">49HBZ_PAD</subfield>
    <subfield code="g">false</subfield>
    <subfield code="a">import</subfield>
  </datafield>
  <datafield tag="GSI" ind1="7" ind2=" ">
    <subfield code="a">116871466</subfield>
    <subfield code="0">http://d-nb.info/gnd/116871466</subfield>
    <subfield code="2">gnd</subfield>
    <subfield code="A">GND</subfield>
    <subfield code="B">GND-116871466</subfield>
    <subfield code="C">024</subfield>
  </datafield>
  <datafield tag="GSI" ind1="7" ind2=" ">
    <subfield code="a">5107169</subfield>
    <subfield code="2">geprishisp</subfield>
    <subfield code="A">GND</subfield>
    <subfield code="B">GND-116871466</subfield>
    <subfield code="C">024</subfield>
  </datafield>
</record>
